%aaa
@inproceedings{ye2019cross,
  title={Cross-modal self-attention network for referring image segmentation},
  author={Ye, Linwei and Rochan, Mrigank and Liu, Zhi and Wang, Yang},
  booktitle={Proceedings of the IEEE/CVF Conference on Computer Vision and Pattern Recognition},
  pages={10502--10511},
  year={2019}
}
%aaa
@article{魚住春日2020mask,
  title={Mask R-CNN を用いた小児胸部 X 線画像における肺領域の自動抽出},
  author={魚住春日 and 松原尚輝 and 寺本篤司 and 日木あゆみ and 本元強 and 河野達夫 and 齋藤邦明 and 藤田広志},
  journal={Medical Imaging Technology},
  volume={38},
  number={3},
  pages={126--131},
  year={2020},
  publisher={日本医用画像工学会}
}
@article{近藤堅司2018深層学習を用いた胸部,
  title={深層学習を用いた胸部 X 線画像からの解剖学的構造の領域検出},
  author={近藤堅司 and 小澤順 and 清野正樹 and 藤本真一 and 田中雅人 and 安達登志樹 and 伊藤春海 and 木村浩彦},
  journal={生体医工学},
  volume={56},
  number={6},
  pages={243--251},
  year={2018},
  publisher={公益社団法人 日本生体医工学会}
}
%aaa
@inproceedings{近藤堅司2018u,
  title={U-Net を用いた胸部 X 線画像からの解剖学的構造の領域抽出},
  author={近藤堅司 and 小澤順 and 清野正樹 and 藤本真一 and 田中雅人 and 安達登志樹 and 伊藤春海 and 木村浩彦},
  booktitle={人工知能学会全国大会論文集 第 32 回全国大会 (2018)},
  pages={2J404--2J404},
  year={2018},
  organization={一般社団法人 人工知能学会}
}
%aaa
@article{nie2020attention,
  title={Attention mask R-CNN for ship detection and segmentation from remote sensing images},
  author={Nie, Xuan and Duan, Mengyang and Ding, Haoxuan and Hu, Bingliang and Wong, Edward K},
  journal={IEEE Access},
  volume={8},
  pages={9325--9334},
  year={2020},
  publisher={IEEE}
}
%aaa
@inproceedings{he2017mask,
  title={Mask r-cnn},
  author={He, Kaiming and Gkioxari, Georgia and Doll{\'a}r, Piotr and Girshick, Ross},
  booktitle={Proceedings of the IEEE international conference on computer vision},
  pages={2961--2969},
  year={2017}
}
%aaa
@article{vaswani2017attention,
  title={Attention is all you need},
  author={Vaswani, Ashish and Shazeer, Noam and Parmar, Niki and Uszkoreit, Jakob and Jones, Llion and Gomez, Aidan N and Kaiser, Lukasz and Polosukhin, Illia},
  journal={arXiv preprint arXiv:1706.03762},
  year={2017}
}
%aaa
@article{ren2015faster,
  title={Faster r-cnn: Towards real-time object detection with region proposal networks},
  author={Ren, Shaoqing and He, Kaiming and Girshick, Ross and Sun, Jian},
  journal={arXiv preprint arXiv:1506.01497},
  year={2015}
}
%aaa
@article{堅山耀太郎2017word,
  title={Word Embedding モデル再訪},
  author={堅山耀太郎},
  journal={オペレーションズ・リサーチ},
  volume={11},
  pages={717--724},
  year={2017}
}